<?xml version="1.0" encoding="UTF-8"?><collection xmlns="http://www.loc.gov/MARC21/slim"><record><leader>00388nam--2200145-i-4500</leader><controlfield tag="001">000043684</controlfield><controlfield tag="002">20161230</controlfield><controlfield tag="005">20161230201044</controlfield><controlfield tag="008">060222s1000------------r-----000-0-eng-d</controlfield><datafield ind1=" " ind2=" " tag="080"><subfield code="a">65.012.7</subfield></datafield><datafield ind1=" " ind2=" " tag="100"><subfield code="a">Tannenbaum,Arnold S</subfield></datafield><datafield ind1=" " ind2=" " tag="245"><subfield code="a">Control in organizations</subfield></datafield><datafield ind1=" " ind2=" " tag="260"><subfield code="a">New York, Mcgraw-hill Book Co.,1968. Xii + 325 P</subfield></datafield><datafield ind1=" " ind2=" " tag="490"><subfield code="a">Mcgsraw-hill Series In Management</subfield></datafield><datafield ind1=" " ind2=" " tag="852"><subfield code="a">32861</subfield></datafield></record></collection>